@article{elmqvist1978structured,
  title     = {A structured model language for large continuous systems},
  author    = {Elmqvist, Hilding},
  journal   = {PhD Thesis TFRT-1015},
  year      = {1978},
  publisher = {Department of Automatic Control, Lund Institute of Technology (LTH)}
}
@inproceedings{nytsch2006advanced,
  title     = {Advanced modeling and simulation techniques in MOSILAB: A system development case study},
  author    = {Nytsch-Geusen, Christoph and Ernst, Thilo and Nordwig, Andr{\'e} and Schwarz, Peter and Schneider, Peter and Vetter, Matthias and Wittwer, Christof and Holm, Andreas and Nouidui, Thierry and Leopold, J{\"u}rgen and others},
  booktitle = {Proceedings of the 5th International Modelica Conference, Arsenal Research, Wien},
  year      = {2006}
}
@inproceedings{zimmer2008introducing,
  title        = {Introducing Sol: A general methodology for equation-based modeling of variable-structure systems},
  author       = {Zimmer, Dirk},
  booktitle    = {Proceedings of the 6th International Modelica Conference},
  pages        = {47--56},
  year         = {2008},
  organization = {Citeseer}
}
@article{mosterman2002hybrsim,
  title     = {HYBRSIM—a modelling and simulation environment for hybrid bond graphs},
  author    = {Mosterman, Pieter J},
  journal   = {Proceedings of the Institution of Mechanical Engineers, Part I: Journal of Systems and Control Engineering},
  volume    = {216},
  number    = {1},
  pages     = {35--46},
  year      = {2002},
  doi       = {10.1243/0959651021541417},
  publisher = {SAGE Publications Sage UK: London, England}
}
@inproceedings{van2001variables,
  title        = {Variables and equations in hybrid systems with structural changes},
  author       = {Van Beek, DA},
  booktitle    = {Proc. 13th European Simulation Symposium, Marseille},
  pages        = {30--34},
  year         = {2001},
  organization = {Citeseer}
}
@inproceedings{giorgidze2009higher,
  title        = {Higher-order non-causal modelling and simulation of structurally dynamic systems},
  author       = {Giorgidze, George and Nilsson, Henrik},
  booktitle    = {Proceedings of the 7th International Modelica Conference; Como; Italy; 20-22 September 2009},
  number       = {043},
  pages        = {208--218},
  year         = {2009},
  doi          = {10.3384/ecp09430137},
  organization = {Link{\"o}ping University Electronic Press}
}
@article{pfeiffer2012pysimulator,
  title  = {PySimulator--A simulation and analysis environment in Python with plugin infrastructure},
  author = {Pfeiffer, Andreas and Hellerer, Matthias and Hartweg, Stefan and Otter, Martin and Reiner, Matthias},
  year   = {2012}
}
@article{rackauckas2017differentialequations,
  title     = {Differentialequations. jl--a performant and feature-rich ecosystem for solving differential equations in julia},
  author    = {Rackauckas, Christopher and Nie, Qing},
  journal   = {Journal of Open Research Software},
  volume    = {5},
  number    = {1},
  year      = {2017},
  publisher = {Ubiquity Press}
}
@article{bezanson2017julia,
  title     = {Julia: A fresh approach to numerical computing},
  author    = {Bezanson, Jeff and Edelman, Alan and Karpinski, Stefan and Shah, Viral B},
  journal   = {SIAM review},
  volume    = {59},
  number    = {1},
  pages     = {65--98},
  year      = {2017},
  doi       = {10.1137/141000671},
  publisher = {SIAM}
}
@book{matei2012modeling,
  title     = {Modeling methodologies and simulation for dynamical systems},
  author    = {Matei, Ion and Bock, Conrad and Matei, Ion},
  year      = {2012},
  publisher = {US Department of Commerce, National Institute of Standards and Technology}
}
@article{lamego2001adaptive,
  title     = {Adaptive structures with algebraic loops},
  author    = {Lamego, M Malini},
  journal   = {IEEE transactions on neural networks},
  volume    = {12},
  number    = {1},
  pages     = {33--42},
  year      = {2001},
  doi       = {10.1109/72.896794},
  publisher = {IEEE}
}
@book{van2000introduction,
  title     = {An introduction to hybrid dynamical systems},
  author    = {Van Der Schaft, Arjan J and Schumacher, Johannes Maria},
  volume    = {251},
  year      = {2000},
  publisher = {Springer London}
}
@article{watts1998collective,
  title     = {Collective dynamics of ‘small-world’networks},
  author    = {Watts, Duncan J and Strogatz, Steven H},
  journal   = {nature},
  volume    = {393},
  number    = {6684},
  pages     = {440--442},
  year      = {1998},
  publisher = {Nature Publishing Group}
}
@book{proakis2001digital,
  title     = {Digital signal processing: principles algorithms and applications},
  author    = {Proakis, John G},
  year      = {2001},
  publisher = {Pearson Education India}
}
@misc{simulink,
  title        = {Simulink-Simulation and Model-Based Design},
  howpublished = {"\url{https://www.mathworks.com/products/simulink.html}"},
  urldate      = {2020-08-31},
  year         = {2020}
}
@misc{causal,
  title        = {Causal.jl - A modeling and simulation framework adopting causal modeling approach.},
  url          = {https://github.com/zekeriyasari/Causal.jl},
  howpublished = {"\url{https://github.com/zekeriyasari/Causal.jl}"},
  urldate      = {2020-08-31},
  year         = {2020}
}
@misc{julialang,
  title        = {The Julia Programming Language},
  howpublished = {"\url{https://julialang.org/}"},
  urldate      = {2020-08-31},
  year         = {2020}
}
@misc{openmodelica,
  title        = {OpenModelica},
  howpublished = {"\url{{https://www.openmodelica.org/}}"},
  urldate      = {2020-08-31},
  year         = {2020}
}
@misc{plots,
  title        = {Plots.jl - Powerful convenience for Julia visualizations and data analysis.},
  url          = {https://github.com/JuliaPlots/Plots.jl},
  howpublished = {"\url{https://github.com/JuliaPlots/Plots.jl}"},
  urldate      = {2020-08-31},
  year         = {2020}
}
@misc{fftw,
  title        = {FFTW.jl - Julia bindings to the FFTW library for fast Fourier transforms.},
  url          = {https://github.com/JuliaMath/FFTW.jl},
  howpublished = {"\url{https://github.com/JuliaMath/FFTW.jl}"},
  urldate      = {2020-08-31},
  year         = {2020}
}
@misc{lightgraphs,
  author       = {Seth Bromberger, James Fairbanks and other contributors},
  title        = {JuliaGraphs/LightGraphs.jl: an optimized graphs package for the Julia programming language},
  year         = {2017},
  doi          = {10.5281/zenodo.889971},
  url          = {https://doi.org/10.5281/zenodo.889971},
  howpublished = {"\url{https://github.com/JuliaGraphs/LightGraphs.jl}"}
}
@misc{dagger,
  title        = {Dagger.jl - A framework for out-of-core and parallel execution},
  url          = {https://github.com/JuliaParallel/Dagger.jl},
  howpublished = {"\url{https://github.com/JuliaParallel/Dagger.jl}"},
  urldate      = {2021-04-25},
  year         = {2021}
}
